@Article{sample_ref,
  author = 	 {Fake Author1 and Imaginary Author2},
  title = 	 {Artificial generation of titles for research reports},
  journal = 	 {Journal of Imaginary Research},
  year = 	 {2002},
  volume = 	 {i},
  pages = 	 {1-2},

}

